<collection xmlns="http://www.loc.gov/MARC21/slim">
<record>
  <leader>01115nam0a22002171i 450 </leader>
  <controlfield tag="001">IT\ICCU\CNCE\055885</controlfield>
  <controlfield tag="005">20040325000000.0</controlfield>
  <datafield tag="100" ind1=" " ind2=" ">
    <subfield code="a">20040224f1566        0itac0103    ba</subfield>
  </datafield>
  <datafield tag="101" ind1=" " ind2=" ">
    <subfield code="a">ITA</subfield>
  </datafield>
  <datafield tag="102" ind1=" " ind2=" ">
    <subfield code="a">IT</subfield>
  </datafield>
  <datafield tag="200" ind1="1" ind2=" ">
    <subfield code="a">Descrizione del magnifico apparato dell&apos;entrata fatta nell&apos;Aquila ai 18 maggio 1596 \!! da s.a. serenissima Margherita di Austria, messa in luce da Massimo Camello</subfield>
  </datafield>
  <datafield tag="210" ind1=" " ind2=" ">
    <subfield code="d">\1566!</subfield>
  </datafield>
  <datafield tag="300" ind1=" " ind2=" ">
    <subfield code="a">Stampata a L&apos;Aquila da Giuseppe Cacchi. Cfr.  L. Rivera, Notizie storico-bibliografiche di editori ed edizioni Abruzzesi dei secc. XV-XVI, in &quot;Bullettino della Deputazione Abruzzese di storia patria&quot;, s. 6., 42-43 (1951-1952), p. 79. - La data si ricava dal titolo</subfield>
  </datafield>
  <datafield tag="620" ind1=" " ind2=" ">
    <subfield code="a">IT</subfield>
    <subfield code="d">L&apos;Aquila</subfield>
  </datafield>
  <datafield tag="700" ind1=" " ind2="1">
    <subfield code="a">Caprucci,</subfield>
    <subfield code="b">Marino</subfield>
    <subfield code="3">IT\ICCU\CNCA\017279</subfield>
  </datafield>
  <datafield tag="702" ind1=" " ind2="1">
    <subfield code="a">Camelo,</subfield>
    <subfield code="b">Massimo</subfield>
    <subfield code="3">IT\ICCU\CNCA\002431</subfield>
  </datafield>
  <datafield tag="712" ind1="0" ind2="0">
    <subfield code="a">Cacchi, Giuseppe</subfield>
    <subfield code="3">IT\ICCU\CNCT\000064</subfield>
    <subfield code="4">650</subfield>
  </datafield>
  <datafield tag="790" ind1=" " ind2="1">
    <subfield code="a">Cammello,</subfield>
    <subfield code="b">Massimo</subfield>
    <subfield code="3">IT\ICCU\CNCA\007750</subfield>
    <subfield code="z">Camelo, Massimo</subfield>
  </datafield>
  <datafield tag="791" ind1="0" ind2="0">
    <subfield code="a">Cacchius, Iosephus</subfield>
    <subfield code="3">IT\ICCU\CNCT\004389</subfield>
    <subfield code="z">Cacchi, Giuseppe</subfield>
  </datafield>
  <datafield tag="791" ind1="0" ind2="0">
    <subfield code="a">Cacchio, Giuseppe</subfield>
    <subfield code="3">IT\ICCU\CNCT\004390</subfield>
    <subfield code="z">Cacchi, Giuseppe</subfield>
  </datafield>
  <datafield tag="801" ind1=" " ind2="3">
    <subfield code="a">IT</subfield>
    <subfield code="b">ICCU</subfield>
    <subfield code="c">20201115</subfield>
  </datafield>
</record>
</collection>
